@book{hartshorne1977,
  author    = {Robin Hartshorne},
  title     = {Algebraic Geometry},
  year      = {1977},
  publisher = {Springer},
  address   = {New York},
}